<record><leader>00000cas a2200000Ia 4500</leader><controlfield tag="001">9283867</controlfield><controlfield tag="008">830305d1943194uwvusr nea     0   a0eng d</controlfield><datafield ind1=" " ind2=" " tag="010"><subfield code="a">sn 86092432 </subfield></datafield><datafield ind1=" " ind2=" " tag="040"><subfield code="a">WIH</subfield><subfield code="c">WIH</subfield><subfield code="d">WVC</subfield><subfield code="d">OCL</subfield><subfield code="d">OCLCQ</subfield></datafield><datafield ind1="0" ind2="4" tag="245"><subfield code="a">The Ashford news.</subfield></datafield><datafield ind1=" " ind2=" " tag="260"><subfield code="a">White Sulphur Springs, W. Va. :</subfield><subfield code="b">Ashford General Hospital,</subfield><subfield code="c">1943-</subfield></datafield><datafield ind1=" " ind2=" " tag="300"><subfield code="a">v. :</subfield><subfield code="b">ill.</subfield></datafield><datafield ind1=" " ind2=" " tag="310"><subfield code="a">Twice a month</subfield></datafield><datafield ind1="0" ind2=" " tag="362"><subfield code="a">Vol. 1, no. 1 (Feb. 1, 1943)-</subfield></datafield><datafield ind1=" " ind2=" " tag="533"><subfield code="a">Microfilm.</subfield><subfield code="b">Harrisburg, Pa. :</subfield><subfield code="c">Keystone Microfilming Service,</subfield><subfield code="d">1970.</subfield><subfield code="e">2 microfilm reels ; 35 mm.</subfield><subfield code="f">(US Army Military History Research Collection. Camp newspapers roll ; no. 28-29).</subfield></datafield><datafield ind1=" " ind2=" " tag="752"><subfield code="a">United States</subfield><subfield code="b">West Virginia</subfield><subfield code="c">Greenbrier</subfield><subfield code="d">White Sulphur Springs.</subfield></datafield><datafield ind1=" " ind2=" " tag="994"><subfield code="a">11</subfield><subfield code="b">OCL</subfield><subfield code="i">01313</subfield></datafield></record>